<record><leader>00000cas a22000007a 4500</leader><controlfield tag="001">27345336</controlfield><controlfield tag="008">930129d1863186uctudn ne      0    0eng d</controlfield><datafield ind1=" " ind2=" " tag="010"><subfield code="a">sn 93053728 </subfield></datafield><datafield ind1=" " ind2=" " tag="040"><subfield code="a">CNW</subfield><subfield code="b">eng</subfield><subfield code="c">CNW</subfield><subfield code="d">CNK</subfield><subfield code="d">OCL</subfield><subfield code="d">OCLCQ</subfield><subfield code="d">OCLCF</subfield><subfield code="d">OCLCO</subfield></datafield><datafield ind1="1" ind2=" " tag="029"><subfield code="a">AU@</subfield><subfield code="b">000020230531</subfield></datafield><datafield ind1=" " ind2=" " tag="042"><subfield code="a">msc</subfield></datafield><datafield ind1=" " ind2=" " tag="043"><subfield code="a">n-us-ct</subfield></datafield><datafield ind1="0" ind2=" " tag="130"><subfield code="a">New-London daily chronicle (New London, Conn. : 1863)</subfield></datafield><datafield ind1="1" ind2="0" tag="245"><subfield code="a">New-London daily chronicle.</subfield></datafield><datafield ind1="3" ind2="0" tag="246"><subfield code="a">Daily chronicle</subfield></datafield><datafield ind1=" " ind2=" " tag="260"><subfield code="a">New London, Conn. :</subfield><subfield code="b">Samuel Fox &amp; Co.</subfield></datafield><datafield ind1=" " ind2=" " tag="300"><subfield code="a">v.</subfield></datafield><datafield ind1=" " ind2=" " tag="310"><subfield code="a">Daily (except Sun.)</subfield></datafield><datafield ind1="1" ind2=" " tag="362"><subfield code="a">Began in 1863.</subfield></datafield><datafield ind1=" " ind2=" " tag="500"><subfield code="a">Published as: Daily chronicle, &lt;Nov. 14-15, 1864&gt;.</subfield></datafield><datafield ind1=" " ind2=" " tag="515"><subfield code="a">Suspended "soon after" the 1864 election. Resumed July 11, 1866.</subfield></datafield><datafield ind1=" " ind2=" " tag="515"><subfield code="a">Contains numbering inconsistencies.</subfield></datafield><datafield ind1=" " ind2=" " tag="580"><subfield code="a">Weekly ed.: New London chronicle, &lt;Feb. 16, 1865-Oct. 13, 1866&gt;.</subfield></datafield><datafield ind1=" " ind2=" " tag="580"><subfield code="a">Published from the same office as the State temperance journal (New London, Conn.), Jan. 1866-186.</subfield></datafield><datafield ind1=" " ind2=" " tag="588"><subfield code="a">Description based on: Vol. 16, no. 132 (Oct. 2, 1863) = whole no. 4742.</subfield></datafield><datafield ind1=" " ind2="0" tag="651"><subfield code="a">New London (Conn.)</subfield><subfield code="v">Newspapers.</subfield></datafield><datafield ind1=" " ind2="7" tag="655"><subfield code="a">Newspapers.</subfield><subfield code="2">fast</subfield><subfield code="0">(OCoLC)fst01423814</subfield></datafield><datafield ind1=" " ind2="7" tag="651"><subfield code="a">Connecticut</subfield><subfield code="z">New London.</subfield><subfield code="2">fast</subfield><subfield code="0">(OCoLC)fst01205494</subfield></datafield><datafield ind1=" " ind2=" " tag="752"><subfield code="a">United States</subfield><subfield code="b">Connecticut</subfield><subfield code="c">New London</subfield><subfield code="d">New London.</subfield></datafield><datafield ind1="1" ind2=" " tag="775"><subfield code="t">New London chronicle</subfield><subfield code="w">(DLC)sn 84023034</subfield><subfield code="w">(OCoLC)10707583</subfield></datafield><datafield ind1="0" ind2="0" tag="780"><subfield code="t">Daily chronicle (New London, Conn. : 1863)</subfield><subfield code="w">(DLC)sn 93053727</subfield></datafield><datafield ind1="1" ind2=" " tag="787"><subfield code="t">State temperance journal (New London, Conn.)</subfield><subfield code="w">(DLC)sn 92051266</subfield><subfield code="w">(OCoLC)26109820</subfield></datafield></record>